@inproceedings{baan2019realization,
    title = "On the Realization of Compositionality in Neural Networks",
    author = {Baan, Joris  and
      Leible, Jana  and
      Nikolaus, Mitja  and
      Rau, David  and
      Ulmer, Dennis  and
      Baumg{\"a}rtner, Tim  and
      Hupkes, Dieuwke  and
      Bruni, Elia},
    booktitle = "Proceedings of the 2019 ACL Workshop BlackboxNLP: Analyzing and Interpreting Neural Networks for NLP",
    year = "2019",
    address = "Florence, Italy",
    publisher = "Association for Computational Linguistics",
    pages = "127--137",
}

@inproceedings{giulianelli2018under,
  author = 	"Giulianelli, Mario and Harding, Jack and Mohnert, Florian and Hupkes, Dieuwke and Zuidema, Willem",
  title = 	"Under the Hood: Using Diagnostic Classifiers to Investigate and Improve how Language Models Track Agreement Information",
  booktitle = 	"Proceedings of the 2018 EMNLP Workshop BlackboxNLP: Analyzing and Interpreting Neural Networks for NLP",
  year = 	"2018",
  publisher = 	"Association for Computational Linguistics",
  pages = 	"240--248",
  location = 	"Brussels, Belgium",
}

@inproceedings{hupkes2018analysing,
    title = "Analysing the potential of seq-to-seq models for incremental interpretation in task-oriented dialogue",
    author = "Hupkes, Dieuwke  and
      Bouwmeester, Sanne  and
      Fern{\'a}ndez, Raquel",
    booktitle = "Proceedings of the 2018 {EMNLP} Workshop {B}lackbox{NLP}: Analyzing and Interpreting Neural Networks for {NLP}",
    month = nov,
    year = "2018",
    address = "Brussels, Belgium",
    publisher = "Association for Computational Linguistics",
    pages = "165--174",
}

@article{hupkes2018diagnostic,
	Author = {Hupkes, Dieuwke and Veldhoen, Sara and Zuidema, Willem},
	Journal = {Journal of Artificial Intelligence Research},
	Pages = {907--926},
	Title = {Visualisation and `diagnostic classifiers' reveal how recurrent and recursive neural networks process hierarchical structure},
	Volume = {61},
	Year = {2018}
}
	
@inproceedings{hupkes2018learning,
  title={Learning compositionally through attentive guidance},
  author={Hupkes, Dieuwke and Singh, Anand and Korrel, Kris and Kruszewski, German and Bruni, Elia},
booktitle={International Conference on Computational Linguistics and Intelligent Text Processing (CICLing)},
  year={2019}
}

@article{hupkes2019internal,
    author = {Hupkes, Dieuwke and Rodriguez, Diana Luna and Ponti, Edoardo and Bruni Elia},
    year = {2019},
    title = {Internal and External Pressures on Language Emergence:
        Least Effort, Object Constancy and Frequency}
}

@article{hupkes2019the,
    author = {Hupkes, Dieuwke and Dankers, Verna and Mul, Mathijs and Bruni, Elia},
    title = {The compositionality of neural networks: integrating symbolism and connectionism},
	journal = {Journal of Artificial Intelligence Research},
    year = {2019}
}

@inproceedings{hupkes2018ijcai,
  title     = {Visualisation and 'Diagnostic Classifiers' Reveal how Recurrent and Recursive Neural Networks Process Hierarchical Structure (Extended Abstract)},
  author    = {Dieuwke Hupkes and Willem Zuidema},
  booktitle = {Proceedings of the Twenty-Seventh International Joint Conference on
               Artificial Intelligence, {IJCAI-18}},
  publisher = {International Joint Conferences on Artificial Intelligence Organization},             
  pages     = {5617--5621},
  year      = {2018},
  month     = {7},
}

@inproceedings{hupkes2017symbolic,
    title={Diagnostic classification and symbolic guidance to understand and improve recurrent neural networks},
    author={Hupkes, Dieuwke and Zuidema, Willem},
    year={2017},
    booktitle={Proceedings of Neural Information Processing Systems -- Workshop track}
}

@inproceedings{jumelet2018language,
  title={Do Language Models Understand Anything? On the Ability of {LSTM}s to Understand Negative Polarity Items},
  author={Jumelet, Jaap and Hupkes, Dieuwke},
  booktitle={Proceedings of the 2018 EMNLP Workshop BlackboxNLP: Analyzing and Interpreting Neural Networks for NLP},
  pages={222--231},
  year={2018}
}

@inproceedings{jumelet2020language,
    title={Language models use monotonicity to assess NPI Licensing},
    author={Jumelet, Jaap and Denic, Milica and Szymanik, Jakub and Steinert-Threlkeld, Shane},
    booktitle={Submitted},
    year={2020}
}

@inproceedings{jumelet2019analysing,
    title={Analysing neural language models: contextual decomposition reveals default reasoning in number and gender assignment},
    author={Jumelet, Jaap and Zuidema, Willem and Hupkes, Dieuwke},
    booktitle={Proceedings of the 23rd Conference on Computational Natural Language Learning (CoNLL)},
    year={2019},
    pages={1-11},
}

@inproceedings{korrel2019transcoding,
  title={Transcoding compositionally: using attention to find more generalizable solutions},
  author={Korrel, Kris and Hupkes, Dieuwke and Dankers, Verna and Bruni, Elia},
  booktitle={ Proceedings of the 2019 ACL Workshop BlackboxNLP: Analyzing and Interpreting Neural Networks for NLP}, 
  pages={1â€“11},
  year={2019}
}

@inproceedings{lakretz2019emergence,
    title = {{The emergence of number and syntax units in LSTM language models}},
    year = {2019},
    booktitle = "Proceedings of the 2019 Conference of the North {A}merican Chapter of the Association for Computational Linguistics: Human Language Technologies, Volume 1 (Long and Short Papers)",
    author = {Lakretz, Yair and Kruszewski, German and Desbordes, Theo and Hupkes, Dieuwke and Dehaene, Stanislas and Baroni, Marco},
}

@inproceedings{ulmer2019assessing,
    title = "Assessing Incrementality in Sequence-to-Sequence Models",
    author = "Ulmer, Dennis  and
      Hupkes, Dieuwke  and
      Bruni, Elia",
    booktitle = "Proceedings of the 4th Workshop on Representation Learning for NLP (RepL4NLP-2019)",
    month = aug,
    year = "2019",
    address = "Florence, Italy",
    publisher = "Association for Computational Linguistics",
    pages = "209--217",
}

@inproceedings{veldhoen2016diagnostic,
    title={Diagnostic Classifiers: Revealing how Neural Networks Process Hierarchical Structure},
    author={Veldhoen, Sara and Hupkes, Dieuwke and Zuidema, Willem},
    year={2016},
    booktitle={Pre-Proceedings of the Workshop on Cognitive Computation: Integrating Neural and Symbolic Approaches (CoCo @ NIPS 2016)}
}

